    @website{database,
      author =       "WebSupport",
      title =        "Čo je to databáza?",
      year =         "2021",
      url =          "https://www.websupport.sk/faq/co-je-to-databaza"
    }
    
    @website{nosql,
      author =       "Microsoft Azure",
      title =        "Databáze NoSQL – co je NoSQL?",
      year =         "2021",
      url =          "https://azure.microsoft.com/cs-cz/overview/nosql-database/"
    }
    
    @website{vue-guide,
      author =       "Vue.js",
      title =        "Getting Started",
      year =         "2021",
      url =          "https://012.vuejs.org/guide/"
    }
    
    @website{typescript,
      author =       "Jiří Kvapil",
      title =        "1. diel - Úvod do TypeScriptu",
      year =         "2018",
      url =          "https://www.itnetwork.sk/javascript/typescript/uvod-do-typescriptu"
    }
    
    @website{html,
      author =       "Domantas G.",
      title =        "What is HTML? The Basics of Hypertext Markup Language Explained",
      year =         "2019",
      url =          "https://www.hostinger.com/tutorials/what-is-html"
    }
    